@article{martin2023guarantees,
    title = {Guarantees for data-driven control of nonlinear systems using semidefinite programming: A survey},
    author = {Martin, Tim and Sch{\"o}n, Thomas B and Allg{\"o}wer, Frank},
    journal = {Annual Reviews in Control},
    pages = {100911},
    year = {2023},
    publisher = {Elsevier}
}

@article{samari2024single,
    title = {From a Single Trajectory to Safety Controller Synthesis of Discrete-Time Nonlinear Polynomial Systems},
    author = {Samari, Behrad and Akbarzadeh, Omid and Zaker, Mahdieh and Lavaei, Abolfazl},
    journal = {arXiv preprint arXiv:2409.10026},
    year = {2024}
}

@inproceedings{breschi2021direct,
    title = {Direct data-driven model-reference control with Lyapunov stability guarantees},
    author = {Breschi, Valentina and De Persis, Claudio and Formentin, Simone and Tesi, Pietro},
    booktitle = {2021 60th IEEE conference on decision and control (CDC)},
    pages = {1456--1461},
    year = {2021},
    organization = {IEEE}
}

@article{bisoffi2022controller,
    title = {Controller design for robust invariance from noisy data},
    author = {Bisoffi, Andrea and De Persis, Claudio and Tesi, Pietro},
    journal = {IEEE Transactions on Automatic Control},
    volume = {68},
    number = {1},
    pages = {636--643},
    year = {2022},
    publisher = {IEEE}
}

@InProceedings{prajna2004safety,
    author = "Prajna, Stephen
and Jadbabaie, Ali",
    title = "Safety Verification of Hybrid Systems Using Barrier Certificates",
    booktitle = "Hybrid Systems: Computation and Control",
    year = "2004",
    publisher = "Springer Berlin Heidelberg",
    pages = "477--492",
}

@inproceedings{prajna2002introducing,
    title = {Introducing SOSTOOLS: A general purpose sum of squares programming solver},
    author = {Prajna, Stephen and Papachristodoulou, Antonis and Parrilo, Pablo A},
    booktitle = {Proceedings of the 41st IEEE Conference on Decision and Control, 2002.},
    volume = {1},
    pages = {741--746},
    year = {2002},
    organization = {IEEE}
}


@inproceedings{nejati2022data,
    title = {Data-driven controller synthesis of unknown nonlinear polynomial systems via control barrier certificates},
    author = {Nejati, Ameneh and Zhong, Bingzhuo and Caccamo, Marco and Zamani, Majid},
    booktitle = {Learning for Dynamics and Control Conference},
    pages = {763--776},
    year = {2022},
    organization = {PMLR}
}

@article{prajna2007convex,
    title = {Convex programs for temporal verification of nonlinear dynamical systems},
    author = {Prajna, Stephen and Rantzer, Anders},
    journal = {SIAM Journal on Control and Optimization},
    volume = {46},
    number = {3},
    pages = {999--1021},
    year = {2007},
    publisher = {SIAM}
}

@article{bisoffi2020data,
    title = {Data-based guarantees of set invariance properties},
    author = {Bisoffi, Andrea and De Persis, Claudio and Tesi, Pietro},
    journal = {IFAC-PapersOnLine},
    volume = {53},
    number = {2},
    pages = {3953--3958},
    year = {2020},
    publisher = {Elsevier}
}

@article{willems2005note,
    title = {A note on persistency of excitation},
    author = {Willems, Jan C and Rapisarda, Paolo and Markovsky, Ivan and De Moor, Bart LM},
    journal = {Systems \& Control Letters},
    volume = {54},
    number = {4},
    pages = {325--329},
    year = {2005},
    publisher = {Elsevier}
}

@INPROCEEDINGS{Anand2021kSafety,
    author = {Anand, Mahathi and Murali, Vishnu and Trivedi, Ashutosh and Zamani, Majid},
    booktitle = {2021 60th IEEE Conference on Decision and Control (CDC)},
    title = {Safety Verification of Dynamical Systems via k-Inductive Barrier Certificates},
    year = {2021},
    volume = {},
    number = {},
    pages = {1314-1320},
    keywords = {Discrete-time systems;System dynamics;Conferences;Programming;Software;Safety;Trajectory},
    doi = {10.1109/CDC45484.2021.9682889} }

@inproceedings{anand2022kstochastic,
    title = {K-inductive barrier certificates for stochastic systems},
    author = {Anand, Mahathi and Murali, Vishnu and Trivedi, Ashutosh and Zamani, Majid},
    booktitle = {Proceedings of the 25th ACM International Conference on Hybrid Systems: Computation and Control},
    pages = {1--11},
    year = {2022}
}

@article{wooding2024protect,
    title = {PRoTECT: Parallelized Construction of Safety Barrier Certificates for Nonlinear Polynomial Systems},
    author = {Wooding, Ben and Horbanov, Viacheslav and Lavaei, Abolfazl},
    journal = {arXiv preprint arXiv:2404.14804},
    year = {2024}
}

@inproceedings{abate2021fossil,
    title = {{FOSSIL: a software tool for the formal synthesis of lyapunov functions and barrier certificates using neural networks}},
    author = {Abate, Alessandro and Ahmed, Daniele and Edwards, Alec and Giacobbe, Mirco and Peruffo, Andrea},
    booktitle = {Proceedings of the 24th International Conference on Hybrid Systems: Computation and Control},
    pages = {1--11},
    year = {2021}
}

@article{van2023direct,
    title = {Direct data-driven signal temporal logic control of linear systems},
    author = {van Huijgevoort, Birgit C and Verhoek, Chris and T{\'o}th, Roland and Haesaert, Sofie},
    journal = {arXiv preprint arXiv:2304.02297},
    year = {2023}
}

@article{kazemi2024data,
    title = {Data-driven abstraction-based control synthesis},
    author = {Kazemi, Milad and Majumdar, Rupak and Salamati, Mahmoud and Soudjani, Sadegh and Wooding, Ben},
    journal = {Nonlinear Analysis: Hybrid Systems},
    volume = {52},
    pages = {101467},
    year = {2024},
    publisher = {Elsevier}
}

@inproceedings{prajna2004stochastic,
    title = {Stochastic safety verification using barrier certificates},
    author = {Prajna, Stephen and Jadbabaie, Ali and Pappas, George J},
    booktitle = {2004 43rd IEEE conference on decision and control (CDC)},
    volume = {1},
    pages = {929--934},
    year = {2004},
    organization = {IEEE}
}

@article{prajna2007framework,
    title = {A framework for worst-case and stochastic safety verification using barrier certificates},
    author = {Prajna, Stephen and Jadbabaie, Ali and Pappas, George J},
    journal = {IEEE Transactions on Automatic Control},
    volume = {52},
    number = {8},
    pages = {1415--1428},
    year = {2007},
    publisher = {IEEE}
}

@article{murali2022scenario,
    title = {A scenario approach for synthesizing k-inductive barrier certificates},
    author = {Murali, Vishnu and Trivedi, Ashutosh and Zamani, Majid},
    journal = {IEEE Control Systems Letters},
    volume = {6},
    pages = {3247--3252},
    year = {2022},
    publisher = {IEEE}
}

@article{bak2018t,
    title = {{t-Barrier certificates: a continuous analogy to k-induction}},
    author = {Bak, Stanley},
    journal = {IFAC-PapersOnLine},
    volume = {51},
    number = {16},
    pages = {145--150},
    year = {2018},
    publisher = {Elsevier}
}

@inproceedings{ames2019control,
    title = {{Control Barrier Functions: Theory and Applications}},
    author = {Ames, Aaron D and Coogan, Samuel and Egerstedt, Magnus and Notomista, Gennaro and Sreenath, Koushil and Tabuada, Paulo},
    booktitle = {{2019 18th European Control Conference (ECC)}},
    pages = {3420--3431},
    year = {2019},
    organization = {IEEE}
}

@ARTICLE{Lindemann2019CBF4STL,
    author = {Lindemann, Lars and Dimarogonas, Dimos V.},
    journal = {IEEE Control Systems Letters},
    title = {Control Barrier Functions for Signal Temporal Logic Tasks},
    year = {2019},
    volume = {3},
    number = {1},
    pages = {96-101},
    keywords = {Task analysis;Planning;Feedback control;Semantics;Switches;System dynamics;Autonomous systems;constrained control;hybrid systems},
    doi = {10.1109/LCSYS.2018.2853182} }

@article{mathiesen2022safety,
    title = {Safety certification for stochastic systems via neural barrier functions},
    author = {Mathiesen, Frederik Baymler and Calvert, Simeon C and Laurenti, Luca},
    journal = {IEEE Control Systems Letters},
    volume = {7},
    pages = {973--978},
    year = {2022},
    publisher = {IEEE}
}

@article{salamati2024data,
    title = {Data-driven verification and synthesis of stochastic systems via barrier certificates},
    author = {Salamati, Ali and Lavaei, Abolfazl and Soudjani, Sadegh and Zamani, Majid},
    journal = {Automatica},
    volume = {159},
    pages = {111323},
    year = {2024},
    publisher = {Elsevier}
}

@article{de2019formulas,
    title = {Formulas for data-driven control: Stabilization, optimality, and robustness},
    author = {De Persis, Claudio and Tesi, Pietro},
    journal = {IEEE Transactions on Automatic Control},
    volume = {65},
    number = {3},
    pages = {909--924},
    year = {2019},
    publisher = {IEEE}
}

@article{van2020willems,
    title = {Willemsâ€™ fundamental lemma for state-space systems and its extension to multiple datasets},
    author = {Van Waarde, Henk J and De Persis, Claudio and Camlibel, M Kanat and Tesi, Pietro},
    journal = {IEEE Control Systems Letters},
    volume = {4},
    number = {3},
    pages = {602--607},
    year = {2020},
    publisher = {IEEE}
}

@article{dai2023data,
    title = {Data-driven optimal output feedback control of linear systems from input-output data},
    author = {Dai, Xiaoyan and De Persis, Claudio and Monshizadeh, Nima},
    journal = {IFAC-PapersOnLine},
    volume = {56},
    number = {2},
    pages = {1376--1381},
    year = {2023},
    publisher = {Elsevier}
}

@article{guo2021data,
    title = {Data-driven stabilization of nonlinear polynomial systems with noisy data},
    author = {Guo, Meichen and De Persis, Claudio and Tesi, Pietro},
    journal = {IEEE Transactions on Automatic Control},
    volume = {67},
    number = {8},
    pages = {4210--4217},
    year = {2021},
    publisher = {IEEE}
}

@inproceedings{han2015sublinear,
    title = {A sublinear algorithm for barrier-certificate-based data-driven model validation of dynamical systems},
    author = {Han, Shuo and Topcu, Ufuk and Pappas, George J},
    booktitle = {2015 54th IEEE conference on decision and control (CDC)},
    pages = {2049--2054},
    year = {2015},
    organization = {IEEE}
}

@article{nejati2023data,
    title = {Data-driven synthesis of safety controllers via multiple control barrier certificates},
    author = {Nejati, Ameneh and Zamani, Majid},
    journal = {IEEE Control Systems Letters},
    year = {2023},
    publisher = {IEEE}
}

@article{makdesi2023data,
    title = {Data-driven models of monotone systems},
    author = {Makdesi, Anas and Girard, Antoine and Fribourg, Laurent},
    journal = {IEEE Transactions on Automatic Control},
    year = {2023},
    publisher = {IEEE}
}

@inproceedings{fan2017dryvr,
    title = {{DryVR}: Data-driven verification and compositional reasoning for automotive systems},
    author = {Fan, Chuchu and Qi, Bolun and Mitra, Sayan and Viswanathan, Mahesh},
    booktitle = {International Conference on Computer Aided Verification},
    pages = {441--461},
    year = {2017},
    organization = {Springer}
}

@inproceedings{wang2022probabilistic,
    title = {Probabilistic guarantees on the objective value for the scenario approach via sensitivity analysis},
    author = {Wang, Zheming and Jungers, Rapha{\"e}l M},
    booktitle = {2022 IEEE 61st Conference on Decision and Control (CDC)},
    pages = {5668--5673},
    year = {2022},
    organization = {IEEE}
}

@inproceedings{ahmad2022adaptive,
    title = {Adaptive sampling-based motion planning with control barrier functions},
    author = {Ahmad, Ahmad and Belta, Calin and Tron, Roberto},
    booktitle = {2022 IEEE 61st Conference on Decision and Control (CDC)},
    pages = {4513--4518},
    year = {2022},
    organization = {IEEE}
}

@article{verdier2022formal,
    title = {Formal synthesis of closed-form sampled-data controllers for nonlinear continuous-time systems under STL specifications},
    author = {Verdier, Cees Ferdinand and Kochdumper, Niklas and Althoff, Matthias and Mazo Jr, Manuel},
    journal = {Automatica},
    volume = {139},
    pages = {110184},
    year = {2022},
    publisher = {Elsevier}
}

@inproceedings{lavaei2021formal,
    title = {Formal safety verification of unknown continuous-time systems: a data-driven approach},
    author = {Lavaei, Abolfazl and Nejati, Ameneh and Jagtap, Pushpak and Zamani, Majid},
    booktitle = {Proceedings of the 24th International Conference on Hybrid Systems: Computation and Control},
    pages = {1--2},
    year = {2021}
}

@inproceedings{badings2022sampling,
    title = {Sampling-based robust control of autonomous systems with non-gaussian noise},
    author = {Badings, Thom S and Abate, Alessandro and Jansen, Nils and Parker, David and Poonawala, Hasan A and Stoelinga, Marielle},
    booktitle = {Proceedings of the AAAI Conference on Artificial Intelligence},
    volume = {36},
    number = {9},
    pages = {9669--9678},
    year = {2022}
}

@article{badings2023robust,
    title = {Robust control for dynamical systems with non-gaussian noise via formal abstractions},
    author = {Badings, Thom and Romao, Licio and Abate, Alessandro and Parker, David and Poonawala, Hasan A and Stoelinga, Marielle and Jansen, Nils},
    journal = {Journal of Artificial Intelligence Research},
    volume = {76},
    pages = {341--391},
    year = {2023}
}

@book{bochnak2013real,
    title = {Real algebraic geometry},
    author = {Bochnak, Jacek and Coste, Michel and Roy, Marie-Fran{\c{c}}oise},
    volume = {36},
    year = {2013},
    publisher = {Springer Science \& Business Media}
}

@article{ren2024formal,
    title = {Formal Synthesis of Safety Controllers via $ k $-Inductive Control Barrier Certificates},
    author = {Ren, Tianxiang and Lin, Wang and Ding, Zuohua},
    journal = {IEEE Transactions on Reliability},
    year = {2024},
    publisher = {IEEE}
}

@inproceedings{SOSTOOLS,
    title = {{Introducing SOSTOOLS: A general purpose sum of squares programming solver}},
    author = {Prajna, Stephen and Papachristodoulou, Antonis and Parrilo, Pablo A},
    booktitle = {Proceedings of the 41st IEEE Conference on Decision and Control, 2002.},
    volume = {1},
    pages = {741--746},
    year = {2002},
    organization = {IEEE}
}

@inproceedings{verdier2018formal,
    title = {Formal synthesis of analytic controllers for sampled-data systems via genetic programming},
    author = {Verdier, Cees F and Mazo, Manuel},
    booktitle = {2018 IEEE Conference on Decision and Control (CDC)},
    pages = {4896--4901},
    year = {2018},
    organization = {IEEE}
}

@book{campi2018introduction,
    title = {Introduction to the scenario approach},
    author = {Campi, Marco C and Garatti, Simone},
    year = {2018},
    publisher = {SIAM}
}

@book{xiao2023safe,
    title = {Safe Autonomy with Control Barrier Functions: Theory and Applications},
    author = {Xiao, Wei and Cassandras, Christos G and Belta, Calin},
    year = {2023},
    publisher = {Springer}
}

@ARTICLE{nejati2023formal,
    author = {Nejati, Ameneh and Lavaei, Abolfazl and Jagtap, Pushpak and Soudjani, Sadegh and Zamani, Majid},
    journal = {IEEE Transactions on Automatic Control},
    title = {Formal Verification of Unknown Discrete- and Continuous-Time Systems: A Data-Driven Approach},
    year = {2023},
    volume = {68},
    number = {5},
    pages = {3011-3024}, }

@article{parrilo2003semidefinite,
    title = {Semidefinite programming relaxations for semialgebraic problems},
    author = {Parrilo, Pablo A},
    journal = {Mathematical programming},
    volume = {96},
    pages = {293--320},
    year = {2003},
    publisher = {Springer}
}

@article{adewuyi2013dc,
    title = {DC motor speed control: A case between PID controller and fuzzy logic controller},
    author = {Adewuyi, Philip A},
    journal = {international journal of multidisciplinary sciences and engineering},
    volume = {4},
    number = {4},
    pages = {36--40},
    year = {2013}
}

@article{wang2024convex,
    title = {Convex co-design of control barrier functions and feedback controllers for linear systems},
    author = {Wang, Han and Margellos, Kostas and Papachristodoulou, Antonis and De Persis, Claudio},
    year = {2024},
    publisher = {IEEE}
}

@software{Yuan_SumOfSquares_py,
    author = {Yuan, Chenyang},
    license = {MIT},
    title = {{SumOfSquares.py}},
    url = {https://github.com/yuanchenyang/SumOfSquares.py}
}

@misc{samari2024singletrajectory,
    title = {From a Single Trajectory to Safety Controller Synthesis of Discrete-Time Nonlinear Polynomial Systems},
    author = {Behrad Samari and Omid Akbarzadeh and Mahdieh Zaker and Abolfazl Lavaei},
    year = {2024},
    eprint = {2409.10026},
    archivePrefix = {arXiv},
    primaryClass = {eess.SY},
    url = {https://arxiv.org/abs/2409.10026},
}